<record><leader>00000cas a2200000 a 4500</leader><controlfield tag="001">36270422</controlfield><controlfield tag="008">970127d18uu1882miudn n       0    0eng c</controlfield><datafield ind1=" " ind2=" " tag="010"><subfield code="a">sn 97063064 </subfield></datafield><datafield ind1=" " ind2=" " tag="040"><subfield code="a">MHN</subfield><subfield code="b">eng</subfield><subfield code="c">MHN</subfield><subfield code="d">OCL</subfield><subfield code="d">OCLCQ</subfield><subfield code="d">OCLCF</subfield><subfield code="d">OCLCO</subfield></datafield><datafield ind1="1" ind2=" " tag="029"><subfield code="a">AU@</subfield><subfield code="b">000013092589</subfield></datafield><datafield ind1=" " ind2=" " tag="042"><subfield code="a">pcc</subfield></datafield><datafield ind1=" " ind2=" " tag="043"><subfield code="a">n-us-mi</subfield></datafield><datafield ind1="0" ind2=" " tag="130"><subfield code="a">Saginaw morning herald (East Saginaw, Mich. : 1878)</subfield></datafield><datafield ind1="1" ind2="0" tag="245"><subfield code="a">Saginaw morning herald.</subfield></datafield><datafield ind1="1" ind2="3" tag="246"><subfield code="a">Morning herald</subfield></datafield><datafield ind1="1" ind2="3" tag="246"><subfield code="a">Saginaw herald</subfield></datafield><datafield ind1=" " ind2=" " tag="260"><subfield code="a">East Saginaw, Mich. :</subfield><subfield code="b">Herald Print. Co.</subfield></datafield><datafield ind1=" " ind2=" " tag="300"><subfield code="a">v.</subfield></datafield><datafield ind1=" " ind2=" " tag="310"><subfield code="a">Daily (except Mon.)</subfield></datafield><datafield ind1="1" ind2=" " tag="362"><subfield code="a">Ceased in 1882.</subfield></datafield><datafield ind1=" " ind2=" " tag="515"><subfield code="a">Issues also called:-&lt;new ser., no. 255 (June 28, 1879) = whole no. 1237&gt; ; &lt;new ser., no. 258 (July 2, 1879) = v. 6, no. 2&gt;-&lt;new ser., no. 773 (Dec. 31, 1880) = v. 7, no. 183&gt; ; &lt;v. 8, no. 3 (Jan. 4, 1881)&gt;-&lt;v. 9, no. 223 (Sept. 9, 1882)&gt;.</subfield></datafield><datafield ind1=" " ind2=" " tag="580"><subfield code="a">Weekly ed.: Saginaw herald.</subfield></datafield><datafield ind1=" " ind2=" " tag="588"><subfield code="a">Description based on: New ser., no. 1 (Sept. 1, 1878) = whole no. 1083.</subfield></datafield><datafield ind1=" " ind2="0" tag="651"><subfield code="a">Saginaw (Mich.)</subfield><subfield code="v">Newspapers.</subfield></datafield><datafield ind1=" " ind2="0" tag="651"><subfield code="a">Saginaw County (Mich.)</subfield><subfield code="v">Newspapers.</subfield></datafield><datafield ind1=" " ind2="7" tag="655"><subfield code="a">Newspapers.</subfield><subfield code="2">fast</subfield><subfield code="0">(OCoLC)fst01423814</subfield></datafield><datafield ind1=" " ind2="7" tag="651"><subfield code="a">Michigan</subfield><subfield code="z">Saginaw.</subfield><subfield code="2">fast</subfield><subfield code="0">(OCoLC)fst01210104</subfield></datafield><datafield ind1=" " ind2="7" tag="651"><subfield code="a">Michigan</subfield><subfield code="z">Saginaw County.</subfield><subfield code="2">fast</subfield><subfield code="0">(OCoLC)fst01202880</subfield></datafield><datafield ind1=" " ind2=" " tag="752"><subfield code="a">United States</subfield><subfield code="b">Michigan</subfield><subfield code="c">Saginaw</subfield><subfield code="d">East Saginaw.</subfield></datafield><datafield ind1=" " ind2=" " tag="752"><subfield code="a">United States</subfield><subfield code="b">Michigan</subfield><subfield code="c">Saginaw</subfield><subfield code="d">Saginaw.</subfield></datafield><datafield ind1="1" ind2=" " tag="775"><subfield code="t">Saginaw herald</subfield><subfield code="w">(DLC)sn 97063072</subfield><subfield code="w">(OCoLC)36280417</subfield></datafield><datafield ind1="0" ind2="0" tag="785"><subfield code="t">Morning herald (East Saginaw, Mich. : 1882)</subfield><subfield code="w">(DLC)sn 97063065</subfield><subfield code="w">(OCoLC)36271051</subfield></datafield></record>